@article{Kong2024,
  author    = {Danli Kong and Rong Chen and Yongze Chen and Le Zhao and Ruixian Huang and Ling Luo and Fengxia Lai and Zihua Yang and Shuang Wang and Jingjing Zhang and Hao Chen and Zhenhua Mai and Haibing Yu and Keng Wu and Yuanlin Ding},
  title     = {``Bayesian Network Analysis of Factors Influencing Type 2 Diabetes, Coronary Heart Disease, and Their Comorbidities''},
  year      = {2024},
  journal   = {BMC Public Health},
  volume    = {24},
  doi = {10.1186/s12889-024-18737-x}
  
}

@article{XGBoost,
author = {Chen, Tianqi and Guestrin, Carlos},
title = {``XGBoost: A Scalable Tree Boosting System''},
year = {2016},
publisher = {Association for Computing Machinery},
address = {New York, NY, USA},
pages = {785–794},
numpages = {10},
series = {KDD '16},
doi = {10.1145/2939672.2939785},
}

@article{SHAP,
author = {Lundberg, Scott M. and Lee, Su-In},
title = {``A unified approach to interpreting model predictions''},
year = {2017},
isbn = {9781510860964},
publisher = {Curran Associates Inc.},
address = {Red Hook, NY, USA},
pages = {4768–4777},
numpages = {10},
location = {Long Beach, California, USA},
series = {NIPS'17}
}
